<?xml version="1.0" encoding="UTF-8"?><collection xmlns="http://www.loc.gov/MARC21/slim"><record><leader>00345nam--2200133-i-4500</leader><controlfield tag="001">000023558</controlfield><controlfield tag="002">20161230</controlfield><controlfield tag="005">20161230201035</controlfield><controlfield tag="008">060222s1000------------r-----000-0-eng-d</controlfield><datafield ind1=" " ind2=" " tag="080"><subfield code="a">533.5:621.52</subfield></datafield><datafield ind1=" " ind2=" " tag="245"><subfield code="a">Vacuum manual</subfield></datafield><datafield ind1=" " ind2=" " tag="260"><subfield code="a">London, E. &amp; F.N.Spon, 1974, X + 427p</subfield></datafield><datafield ind1=" " ind2=" " tag="700"><subfield code="a">Holland  L., Steckelmacher W. And Yarwood, J</subfield></datafield><datafield ind1=" " ind2=" " tag="852"><subfield code="a">43056</subfield></datafield></record></collection>